<record><leader>00000cas a22000007a 4500</leader><controlfield tag="001">12181423</controlfield><controlfield tag="008">850620d18391841inuwr ne      0    0eng d</controlfield><datafield ind1=" " ind2=" " tag="010"><subfield code="a">sn 85047958 </subfield></datafield><datafield ind1=" " ind2=" " tag="040"><subfield code="a">NPI</subfield><subfield code="b">eng</subfield><subfield code="c">NPI</subfield><subfield code="d">DLC</subfield><subfield code="d">OCLCQ</subfield></datafield><datafield ind1=" " ind2=" " tag="042"><subfield code="a">msc</subfield></datafield><datafield ind1="0" ind2=" " tag="130"><subfield code="a">True American (Paoli, Ind. : 1839)</subfield></datafield><datafield ind1="1" ind2="4" tag="245"><subfield code="a">The true American.</subfield></datafield><datafield ind1=" " ind2=" " tag="260"><subfield code="a">Paoli, Ind. :</subfield><subfield code="b">G. M'Kay</subfield></datafield><datafield ind1=" " ind2=" " tag="300"><subfield code="a">v. :</subfield><subfield code="b">ill. ;</subfield><subfield code="c">36-52 cm.</subfield></datafield><datafield ind1=" " ind2=" " tag="310"><subfield code="a">Weekly</subfield></datafield><datafield ind1="1" ind2=" " tag="362"><subfield code="a">Began in 1839; ceased in 1841.</subfield></datafield><datafield ind1=" " ind2=" " tag="588"><subfield code="a">Description based on: Vol. 1, no. 2 (June 15, 1839).</subfield></datafield><datafield ind1=" " ind2=" " tag="752"><subfield code="a">United States</subfield><subfield code="b">Indiana</subfield><subfield code="c">Orange</subfield><subfield code="d">Paoli.</subfield></datafield><datafield ind1="0" ind2="0" tag="785"><subfield code="t">True American and agricultural register</subfield><subfield code="w">(DLC)sn 85047959</subfield></datafield></record>